%منابع را در اینجا درج کنید


